@misc{ecsWiki,
  author       = {Adam Martin},
  title        = {Entity Systems Wiki},
  year         = {2011},
  url          = {http://entity-systems.wikidot.com/},
  note         = {Accessed: 2025-02-07}
}